<?xml version="1.0" encoding="UTF-8"?><record xmlns="http://www.loc.gov/MARC21/slim" xmlns:cinclude="http://apache.org/cocoon/include/1.0" xmlns:zs="http://www.loc.gov/zing/srw/">
  <leader>00722cz  a2200157n  4500</leader>
  <controlfield tag="001">n  86060713 </controlfield>
  <controlfield tag="003">DLC</controlfield>
  <controlfield tag="005">19961216100417.4</controlfield>
  <controlfield tag="008">860919n| acannaab|          |n aaa |||  </controlfield>
  <datafield tag="010" ind1=" " ind2=" ">
    <subfield code="a">n  86060713 </subfield>
  </datafield>
  <datafield tag="040" ind1=" " ind2=" ">
    <subfield code="a">DLC</subfield>
    <subfield code="c">DLC</subfield>
    <subfield code="d">DLC</subfield>
  </datafield>
  <datafield tag="100" ind1="1" ind2="0">
    <subfield code="a">Beilharz, Peter</subfield>
  </datafield>
  <datafield tag="670" ind1=" " ind2=" ">
    <subfield code="a">His Trotsky, trotskyism, and the transition to socialism, 1987:</subfield>
    <subfield code="b">CIP t.p. (Peter Beilharz)</subfield>
  </datafield>
  <datafield tag="670" ind1=" " ind2=" ">
    <subfield code="a">Transforming labor, 1994:</subfield>
    <subfield code="b">CIP t.p. (Peter Beilharz, Dept. of Sociology, LaTrobe Univ.) data sheet (b. 11-03-53)</subfield>
  </datafield>
  <datafield tag="670" ind1=" " ind2=" ">
    <subfield code="a">Imagining the antipodes, 1997:</subfield>
    <subfield code="b">CIP t.p. (Peter Beilharz) data sheet (Peter Michael Beilharz; b. 11-13-53)</subfield>
  </datafield>
  <datafield tag="670" ind1=" " ind2=" ">
    <subfield code="a">Phone call to N.Y. publ., Dec. 16, 1996</subfield>
    <subfield code="b">(did not have birthdate, so still conflict, 11-03-53 or 11-13-53)</subfield>
  </datafield>
</record>